@misc{Unity5Manuel,
  title = {{Unity 5 Documentation} Manuel},
  howpublished = {\url{http://docs.unity3d.com/Manual/index.html}},
  note = {Accessed: 2016-04-26}
}

@misc{Unity5Script,
  title = {{Unity 5 Documentation} Script Manuel},
  howpublished = {\url{http://docs.unity3d.com/ScriptReference/index.html}},
  note = {Accessed: 2016-04-26}
}


@misc{Unity5Communauté,
  title = {{Unity 5 Forum} Forum et communauté Unity},
  howpublished = {\url{http://unity3d.com/community}},
  note = {Accessed: 2016-04-26}
}

@misc{3Dreference,
  title = {{Unity 5 Asset Store} 3D material et références},
  howpublished = {\url{https://www.assetstore.unity3d.com
l}},
  note = {Accessed: 2016-04-26}
}


@misc{IronPython,
  title = {{IronPython} documentation},
  howpublished = {\url{http://ironpython.netl}},
  note = {Accessed: 2016-04-26}
}


@misc{Microsoft,
  title = {{MSDN} CSharp documentation},
  howpublished = {\url{https://msdn.microsoft.com/fr-fr/library/67ef8sbd.aspxl}},
  note = {Accessed: 2016-04-26}
}

@misc{Grammatica,
  title = {{Grammatica} documentation},
  howpublished = {\url{http://grammatica.percederberg.net/}},
  note = {Accessed: 2016-04-26}
}


